2231 3061
704 743 1246 798 INTRODUOTIO.

315 1213 508 1249 Novorum
551 1214 731 1249 Actorum
773 1212 1023 1249 Voluminis
1065 1213 1140 1249 XV
1171 1214 1373 1263 fasciculus
1410 1217 1511 1263 prior
1552 1217 1675 1253 editus
1718 1226 1776 1254 est

160 1286 293 1309 mense
323 1272 479 1310 Octobri
508 1285 605 1308 anno
639 1274 746 1309 1892.

313 1332 531 1380 Insequenti
572 1345 669 1368 anno
714 1333 830 1380 Reyz‘a
871 1333 1026 1370 Societas
1068 1332 1118 1367 ad
1163 1333 1486 1372 celebrandam
1522 1338 1775 1373 memoriam

163 1392 379 1428 Ecclesiae
414 1391 630 1428 Svecanae
664 1392 885 1428 stabilitae
921 1397 963 1427 et
1006 1391 1347 1430 Universitatis
1389 1394 1680 1444 Upsaliensis
1713 1398 1778 1433 in-

161 1458 372 1488 staur-<itae
412 1451 599 1488 Volumen
640 1464 780 1487 novum
820 1453 1000 1488 Actorum
1029 1465 1182 1488 suorum
1211 1453 1323 1490 edere
1353 1455 1494 1491 statuit.
1548 1456 1604 1492 Ita
1631 1456 1772 1493 factum

153 1518 229 1558 est,
271 1518 310 1547 ut
352 1510 466 1547 dilata
507 1510 553 1547 ad
586 1516 736 1560 tempus
765 1511 930 1547 editione
960 1512 1111 1559 reliquae
1140 1512 1351 1549 Voluminis
1379 1514 1449 1550 XV
1477 1516 1607 1564 partis,
1636 1517 1674 1552 in
1703 1530 1775 1565 qua

159 1571 325 1607 curanda
354 1584 470 1619 opera
497 1571 729 1620 typographi
757 1577 836 1607 tum
865 1571 1098 1618 versabatur⁷
1129 1571 1348 1609 Volumen
1377 1579 1525 1610 totum
1547 1575 1651 1612 XVI
1676 1589 1773 1612 anno

165 1632 258 1667 1893
299 1630 338 1666 in
379 1629 568 1678 publicum
609 1630 791 1679 prodiret,
827 1633 1002 1678 posterior
1035 1638 1160 1668 autem
1189 1632 1440 1670 Voluminis
1470 1634 1544 1670 XV
1572 1636 1775 1685 fasciculus·

158 1703 259 1726 nunc
290 1690 439 1726 demun]
466 1690 668 1727 emittatur.

316 1749 407 1784 Post
437 1748 519 1785 Vol.
549 1749 636 1785 XVI
666 1749 807 1785 editum

693 1877 730 1913 hi
759 1877 905 1916 Socii
932 1878 1137 1916 mortui
1165 1885 1252 1913 sunt

795 2016 985 2054 (halinarz'z'
1012 2017 1154 2052 Exteri:

1438 2079 1608 2108 Adscriptus.
1648 2079 1779 2103 Mortuus,

160 2118 368 2157 LATHAM,
391 2119 592 2150 Robertus
617 2118 788 2158 Gordon,
813 2118 983 2150 Medicinae
1004 2119 1128 2150 Doctor
1150 2119 1366 2151 Londinensis
1425 2146 1430 2151 .
1480 2122 1570 2152 1859.
1662 2122 1754 2153 1888.

160 2179 381 2218 KRIEGER,
409 2179 596 2211 Andreas
627 2179 882 2218 Fredericus,
912 2180 1060 2222 Supremi
1094 2180 1214 2211 Judioii
1249 2180 1364 2212 Danici
1399 2180 1436 2211 E.

247 2231 287 2262 O.
312 2232 470 2262 Assessor
521 2255 1432 2264 ..................
1482 2235 1572 2265 1885.
1664 2235 1754 2265 1893.

155 2291 394 2331 TYNDALL,
417 2291 601 2330 Ioannes,
624 2291 777 2333 Physices
802 2292 973 2324 Professor
995 2292 1211 2324 Londinensis
1267 2319 1272 2323 .
1319 2317 1325 2324 .
1371 2318 1377 2324 .
1423 2318 1429 2324 .
1476 2295 1567 2325 1868.
1664 2295 1753 2326 1893,

160 2351 345 2391 HIRSCH,
368 2353 592 2394 Augustus,
615 2352 787 2384 Medicinae
810 2353 980 2384 Professor
1003 2353 1221 2385 Berolinensis
1266 2378 1272 2385 .
1320 2379 1325 2385 .
1374 2380 1379 2385 .
1428 2381 1432 2385 .
1482 2356 1572 2386 1885.
1666 2357 1756 2387 1894.

160 2412 408 2452 BILLROTH,
431 2413 683 2452 Theodorus,
707 2413 882 2455 Chirurgiae
905 2413 1076 2445 Professor
1101 2414 1367 2447 Vindoboneusis
1427 2439 1434 2446 .
1481 2417 1572 2447 1878.
1666 2417 1757 2447 1894.

157 2473 322 2512 ARPPE,
346 2473 501 2516 Adolph
512 2485 556 2505 us
580 2474 805 2513 Eduardus,
829 2474 969 2506 Chemiae
994 2475 1164 2506 Professor
1187 2476 1338 2507 emeritus
1355 2476 1434 2508 Hel-

245 2525 486 2568 singforsiensis
524 2550 1437 2559 ..................
1487 2528 1577 2559 1866.
1670 2528 1760 2558 1894.

1674 2591 1684 2613 1
